@online{link:ubuntu,
  title = {Ubuntu},
  year = {Verkkodokumentti},
  note = {<\url{https://fi.wikipedia.org/wiki/Ubuntu}>. Luettu 20.7.2016}
}

@online{link:ruby-heredoc,
  title = {Literals - Here Documents},
  year = {Verkkodokumentti},
  note = {<\url{http://ruby-doc.org/core-2.2.0/doc/syntax/literals_rdoc.html#label-Here+Documents}>. Luettu 20.7.2016}
}

@online{link:what-is-ansible,
  title = {What is Ansible? A short DevOps Introduction},
  year = {Verkkodokumentti},
  note = {<\url{https://www.youtube.com/watch?v=xMHVvHZ-Zn4}>. Luettu 27.7.2016}
}